@ARTICLE{Williams90anefficient,
    author = {Ronald J. Williams and Jing Peng},
    title = {An Efficient Gradient-Based Algorithm for On-Line Training of Recurrent Network Trajectories},
    journal = {Neural Computation},
    year = {1990},
    volume = {2},
    pages = {490--501}
}

@article{hochreiter1997long,
  title={Long short-term memory},
  author={Hochreiter, Sepp and Schmidhuber, J{\"u}rgen},
  journal={Neural computation},
  volume={9},
  number={8},
  pages={1735--1780},
  year={1997},
  publisher={MIT Press}
}